% This is jfm2esam.bib v1.0 08/14/02
%
@article{Moin1998,
author = {Moin, Parviz and Mahesh, Krishnan},
title = {DIRECT NUMERICAL SIMULATION: A Tool in Turbulence Research},
journal = {Annual Review of Fluid Mechanics},
volume = {30},
number = {1},
pages = {539-578},
year = {1998},
doi = {10.1146/annurev.fluid.30.1.539},
}
